<?xml version="1.0" encoding="UTF-8"?>
  <record xmlns="http://www.loc.gov/MARC21/slim" type="Authority">
    <leader>00000nz  a2200000nc 4500</leader>
    <controlfield tag="001">102832900</controlfield>
    <controlfield tag="003">DE-101</controlfield>
    <controlfield tag="005">20200116164202.0</controlfield>
    <controlfield tag="008">941205n||aznnnaabn           | aaa    |c</controlfield>
    <datafield tag="024" ind1="7" ind2=" ">
      <subfield code="a">102832900</subfield>
      <subfield code="0">http://d-nb.info/gnd/102832900</subfield>
      <subfield code="2">gnd</subfield>
    </datafield>
    <datafield tag="035" ind1=" " ind2=" ">
      <subfield code="a">(DE-101)102832900</subfield>
    </datafield>
    <datafield tag="035" ind1=" " ind2=" ">
      <subfield code="a">(DE-588)102832900</subfield>
    </datafield>
    <datafield tag="035" ind1=" " ind2=" ">
      <subfield code="z">(DE-588a)102832900</subfield>
      <subfield code="9">v:zg</subfield>
    </datafield>
    <datafield tag="040" ind1=" " ind2=" ">
      <subfield code="a">DE-12</subfield>
      <subfield code="c">DE-12</subfield>
      <subfield code="9">r:DE-12</subfield>
      <subfield code="b">ger</subfield>
      <subfield code="d">0547</subfield>
    </datafield>
    <datafield tag="042" ind1=" " ind2=" ">
      <subfield code="a">gnd1</subfield>
    </datafield>
    <datafield tag="043" ind1=" " ind2=" ">
      <subfield code="c">XA-DE</subfield>
    </datafield>
    <datafield tag="075" ind1=" " ind2=" ">
      <subfield code="b">p</subfield>
      <subfield code="2">gndgen</subfield>
    </datafield>
    <datafield tag="075" ind1=" " ind2=" ">
      <subfield code="b">piz</subfield>
      <subfield code="2">gndspec</subfield>
    </datafield>
    <datafield tag="079" ind1=" " ind2=" ">
      <subfield code="a">g</subfield>
      <subfield code="q">a</subfield>
      <subfield code="q">f</subfield>
    </datafield>
    <datafield tag="100" ind1="1" ind2=" ">
      <subfield code="a">Lemke, Heinrich</subfield>
      <subfield code="d">1601-1674</subfield>
    </datafield>
    <datafield tag="400" ind1="1" ind2=" ">
      <subfield code="a">Lembeke, Henrik</subfield>
      <subfield code="d">1601-1674</subfield>
      <subfield code="9">v:WBIS</subfield>
    </datafield>
    <datafield tag="400" ind1="1" ind2=" ">
      <subfield code="a">Lemke, Henricus</subfield>
      <subfield code="d">1601-1674</subfield>
      <subfield code="9">v:WBIS</subfield>
    </datafield>
    <datafield tag="400" ind1="1" ind2=" ">
      <subfield code="a">Lemmichius, Henricus</subfield>
      <subfield code="d">1601-1674</subfield>
    </datafield>
    <datafield tag="400" ind1="1" ind2=" ">
      <subfield code="a">Lemmich, Henricus</subfield>
      <subfield code="d">1601-1674</subfield>
    </datafield>
    <datafield tag="400" ind1="1" ind2=" ">
      <subfield code="a">Lemmichen, Heinrich</subfield>
      <subfield code="d">1601-1674</subfield>
    </datafield>
    <datafield tag="400" ind1="1" ind2=" ">
      <subfield code="a">Lemchen, Henricus</subfield>
      <subfield code="d">1601-1674</subfield>
    </datafield>
    <datafield tag="400" ind1="1" ind2=" ">
      <subfield code="a">Lemchen, Hein</subfield>
      <subfield code="d">1601-1674</subfield>
    </datafield>
    <datafield tag="400" ind1="1" ind2=" ">
      <subfield code="a">Lemmichus, Henricus</subfield>
      <subfield code="d">1601-1674</subfield>
      <subfield code="9">v:Matrikel der Univ. Jena</subfield>
    </datafield>
    <datafield tag="400" ind1="1" ind2=" ">
      <subfield code="a">Lemmichen, Henrich</subfield>
      <subfield code="d">1601-1674</subfield>
      <subfield code="9">v:LCAuth</subfield>
    </datafield>
    <datafield tag="400" ind1="1" ind2=" ">
      <subfield code="a">Lemcke, Heinrich</subfield>
      <subfield code="d">1601-1674</subfield>
    </datafield>
    <datafield tag="400" ind1="1" ind2=" ">
      <subfield code="a">Lemchen, Heinrich</subfield>
      <subfield code="d">1601-1674</subfield>
    </datafield>
    <datafield tag="400" ind1="1" ind2=" ">
      <subfield code="a">Lemmich, Heinrich</subfield>
      <subfield code="d">1601-1674</subfield>
    </datafield>
    <datafield tag="400" ind1="1" ind2=" ">
      <subfield code="a">Lembke, Henricus</subfield>
      <subfield code="d">1601-1674</subfield>
    </datafield>
    <datafield tag="400" ind1="1" ind2=" ">
      <subfield code="a">Lembken, Henricus</subfield>
      <subfield code="d">1601-1674</subfield>
    </datafield>
    <datafield tag="400" ind1="1" ind2=" ">
      <subfield code="a">Lembeke, Heinrich</subfield>
      <subfield code="d">1601-1674</subfield>
    </datafield>
    <datafield tag="400" ind1="1" ind2=" ">
      <subfield code="a">Lemmiche, Henrik</subfield>
      <subfield code="d">1601-1674</subfield>
    </datafield>
    <datafield tag="400" ind1="1" ind2=" ">
      <subfield code="a">Lemmichius, Henrik</subfield>
      <subfield code="d">1601-1674</subfield>
    </datafield>
    <datafield tag="400" ind1="1" ind2=" ">
      <subfield code="a">Lembcke, Henrik</subfield>
      <subfield code="d">1601-1674</subfield>
    </datafield>
    <datafield tag="400" ind1="1" ind2=" ">
      <subfield code="a">Lembke, Henrik</subfield>
      <subfield code="d">1601-1674</subfield>
    </datafield>
    <datafield tag="548" ind1=" " ind2=" ">
      <subfield code="a">1601-1674</subfield>
      <subfield code="4">datl</subfield>
      <subfield code="4">https://d-nb.info/standards/elementset/gnd#dateOfBirthAndDeath</subfield>
      <subfield code="w">r</subfield>
      <subfield code="i">Lebensdaten</subfield>
      <subfield code="9">v:anderslt. Geburtsjahre 1600 und 1602</subfield>
    </datafield>
    <datafield tag="548" ind1=" " ind2=" ">
      <subfield code="a">31.12.1601-07.03.1674</subfield>
      <subfield code="4">datx</subfield>
      <subfield code="4">https://d-nb.info/standards/elementset/gnd#dateOfBirthAndDeath</subfield>
      <subfield code="w">r</subfield>
      <subfield code="i">Exakte Lebensdaten</subfield>
    </datafield>
    <datafield tag="550" ind1=" " ind2=" ">
      <subfield code="0">(DE-101)041325923</subfield>
      <subfield code="0">(DE-588)4132592-8</subfield>
      <subfield code="0">https://d-nb.info/gnd/4132592-8</subfield>
      <subfield code="a">Pfarrer</subfield>
      <subfield code="4">berc</subfield>
      <subfield code="4">https://d-nb.info/standards/elementset/gnd#professionOrOccupation</subfield>
      <subfield code="w">r</subfield>
      <subfield code="i">Charakteristischer Beruf</subfield>
    </datafield>
    <datafield tag="550" ind1=" " ind2=" ">
      <subfield code="0">(DE-101)041585895</subfield>
      <subfield code="0">(DE-588)4158589-6</subfield>
      <subfield code="0">https://d-nb.info/gnd/4158589-6</subfield>
      <subfield code="a">Gymnasiallehrer</subfield>
      <subfield code="4">beru</subfield>
      <subfield code="4">https://d-nb.info/standards/elementset/gnd#professionOrOccupation</subfield>
      <subfield code="w">r</subfield>
      <subfield code="i">Beruf</subfield>
    </datafield>
    <datafield tag="550" ind1=" " ind2=" ">
      <subfield code="0">(DE-101)04168513X</subfield>
      <subfield code="0">(DE-588)4168513-1</subfield>
      <subfield code="0">https://d-nb.info/gnd/4168513-1</subfield>
      <subfield code="a">Magister</subfield>
      <subfield code="4">akad</subfield>
      <subfield code="4">https://d-nb.info/standards/elementset/gnd#academicDegree</subfield>
      <subfield code="w">r</subfield>
      <subfield code="i">Akademischer Grad</subfield>
    </datafield>
    <datafield tag="551" ind1=" " ind2=" ">
      <subfield code="0">(DE-101)040364836</subfield>
      <subfield code="0">(DE-588)4036483-5</subfield>
      <subfield code="0">https://d-nb.info/gnd/4036483-5</subfield>
      <subfield code="a">Lübeck</subfield>
      <subfield code="4">ortg</subfield>
      <subfield code="4">https://d-nb.info/standards/elementset/gnd#placeOfBirth</subfield>
      <subfield code="w">r</subfield>
      <subfield code="i">Geburtsort</subfield>
    </datafield>
    <datafield tag="551" ind1=" " ind2=" ">
      <subfield code="0">(DE-101)00417271X</subfield>
      <subfield code="0">(DE-588)1027742-0</subfield>
      <subfield code="0">https://d-nb.info/gnd/1027742-0</subfield>
      <subfield code="a">Bergen</subfield>
      <subfield code="g">Norwegen</subfield>
      <subfield code="4">orts</subfield>
      <subfield code="4">https://d-nb.info/standards/elementset/gnd#placeOfDeath</subfield>
      <subfield code="w">r</subfield>
      <subfield code="i">Sterbeort</subfield>
    </datafield>
    <datafield tag="551" ind1=" " ind2=" ">
      <subfield code="0">(DE-101)04050610X</subfield>
      <subfield code="0">(DE-588)4050610-1</subfield>
      <subfield code="0">https://d-nb.info/gnd/4050610-1</subfield>
      <subfield code="a">Rostock</subfield>
      <subfield code="4">ortw</subfield>
      <subfield code="4">https://d-nb.info/standards/elementset/gnd#placeOfActivity</subfield>
      <subfield code="w">r</subfield>
      <subfield code="i">Wirkungsort</subfield>
    </datafield>
    <datafield tag="551" ind1=" " ind2=" ">
      <subfield code="0">(DE-101)00417271X</subfield>
      <subfield code="0">(DE-588)1027742-0</subfield>
      <subfield code="0">https://d-nb.info/gnd/1027742-0</subfield>
      <subfield code="a">Bergen</subfield>
      <subfield code="g">Norwegen</subfield>
      <subfield code="4">ortw</subfield>
      <subfield code="4">https://d-nb.info/standards/elementset/gnd#placeOfActivity</subfield>
      <subfield code="w">r</subfield>
      <subfield code="i">Wirkungsort</subfield>
    </datafield>
    <datafield tag="667" ind1=" " ind2=" ">
      <subfield code="a">7</subfield>
    </datafield>
    <datafield tag="667" ind1=" " ind2=" ">
      <subfield code="a">VD-17</subfield>
    </datafield>
    <datafield tag="670" ind1=" " ind2=" ">
      <subfield code="a">DbA I 752,294-296</subfield>
    </datafield>
    <datafield tag="670" ind1=" " ind2=" ">
      <subfield code="a">Scandinavian Biographical Archive I A-192,228-230</subfield>
    </datafield>
    <datafield tag="670" ind1=" " ind2=" ">
      <subfield code="a">Matrikel der Univ. Jena</subfield>
    </datafield>
    <datafield tag="670" ind1=" " ind2=" ">
      <subfield code="a">Album Academiae Vitebergensis, Jüngere Reihe, T. 1</subfield>
    </datafield>
    <datafield tag="678" ind1=" " ind2=" ">
      <subfield code="b">Dt. ev. Theologe; Student in Rostock, Wittenberg (1628 imm.) und Jena (1629 imm.), 1632 Magister in Rostock; bis 1638 Lehrer in Rostock; ab 1638 dt. Pfarrer in Bergen (Norwegen)</subfield>
    </datafield>
    <datafield tag="913" ind1=" " ind2=" ">
      <subfield code="S">pnd</subfield>
      <subfield code="i">a</subfield>
      <subfield code="a">Lemke, Heinrich</subfield>
      <subfield code="0">(DE-588a)102832900</subfield>
    </datafield>
  </record>
